2300 3852
350 257 394 340 32
539 228 847 327 ΙΕυοωῦιε

345 371 381 442 in
396 363 561 440 infinitum
579 363 723 442 duraret,
748 361 937 434 etirmlinee
956 361 1028 436 CD
1039 367 1080 440 in

342 467 508 542 infinitum
523 463 563 536 ab
580 467 641 534 AB
663 459 870 562 equidistatet
887 513 899 548 ‚
924 464 1078 563 adeoque

245 591 249 603 ’
341 578 509 666 nunquam
532 587 607 636 curn
633 563 686 634 illa
712 583 939 662 concurreretr
983 565 1077 638 unde

269 675 270 678 ’
343 673 408 758 jam
425 685 514 738 certo
538 661 726 741 concludere
746 663 820 734 licet
844 665 960 732 linerrn'
986 663 1075 735 CD

264 785 265 797 ¹
343 752 407 837 hoc
424 763 523 836 modo
539 759 720 864 generatam
737 763 826 834 lineae
844 764 915 833 AB
934 760 993 834 elle
1011 787 1076 862 pa-

345 865 494 938 rallelanr.

312 1033 316 1046 ,
390 964 524 1036 Deinde
541 989 616 1036 cum
634 968 697 1055 jarn
716 960 837 1040 constet
857 963 974 1042 lineam
992 959 1072 1047 CD
1131 1007 1133 1010 -

344 1089 414 1138 non
431 1061 516 1160 polle
534 1065 634 1163 magis
652 1065 770 1135 inuno
789 1061 909 1157 pundlo
927 1061 970 1140 ,ad
987 1063 1075 1133 line·

343 1189 396 1238 arn
422 1166 496 1236 AB
520 1163 665 1236 accedere
690 1182 743 1234 aut
768 1161 807 1236 ab
840 1161 908 1232 illa,
927 1161 1076 1234 recedere

345 1289 443 1363 quarn
459 1266 492 1336 in
511 1264 600 1343 alio,
639 1259 779 1360 sequitur
795 1263 912 1336 lineam
932 1257 1009 1346 cl)
1031 1261 1073 1334 ad

345 1367 445 1436 lineas
467 1363 553 1451 CF,
579 1363 644 1434 CA
664 1359 778 1434 habere
798 1361 950 1460 aequalern
963 1363 1072 1434 'ineli-
1127 1417 1129 1422 .

111 1465 113 1471 ’
262 1505 267 1510 ·
323 1466 526 1548 nationem,
545 1461 687 1560 adeoque
696 1487 751 1559 per
760 1459 982 1533 definitionem
994 1467 1073 1533 Per-

260 1561 264 1572 ’
343 1563 554 1664 pendicularis
570 1563 722 1662 angulum
732 1565 769 1632 D
779 1561 810 1631 C
820 1567 854 1634 A
865 1558 923 1632 effe
936 1561 1070 1649 redium,

344 1670 379 1735 δι
397 1663 552 1761 equalem
568 1663 688 1760 angulo
699 1663 811 1734 CAB
830 1663 886 1759 q'ui
895 1657 1014 1758 positus
1023 1659 1070 1733 est

222 1827 223 1830 ,
345 1763 466 1836 renus:
492 1761 635 1860 adeoque
656 1761 736 1832 duos
753 1764 886 1859 angulos
904 1762 1070 1833 interiores

346 1862 454 1934 (ΖΑΒ.
474 1863 588 1932 DBA
610 1858 700 1932 fimul
722 1859 843 1932 sumtos
864 1857 1070 1957 eileaequalcs

128 2019 151 2038 „
299 2039 301 2045 s
346 1960 473 2036 duobus
493 1963 593 2032 tediis.
620 1961 656 2032 ld
673 1961 760 2058 quod
778 1982 886 2032 natura
908 1961 1069 2058 parallela-

348 2086 420 2134 rum
438 2063 519 2133 ΑΒ.·
537 2059 604 2130 CD
621 2059 678 2132 hac
690 2063 817 2138 rarione
845 2057 1068 2156 descriptarum
1127 2149 1129 2153 .

349 2162 488 2234 omnino
509 2161 648 2258 requirit.

330 2253 333 2260 ‘
396 2267 480 2351 Quae
508 2257 714 2334 consideratio
741 2261 1010 2360 &descriptionis
1030 2287 1068 2337 ac
1100 2289 1102 2296 ’

345 2359 558 2460 generationis
576 2357 679 2437 forma
697 2383 777 2434 curn:
798 2363 949 2436 omnibus
967 2365 1069 2460 appli-

342 2457 513 2558 cariposfit
531 2463 700 2557 parallelis,
724 2458 865 2562 sequitur
874 2466 990 2534 lineato
999 2488 1071 2560 quae

345 2563 403 2632 uni
446 2563 658 2657 parallelorum
694 2564 958 2659 perpendicularis
1001 2560 1065 2644 est,

286 2675 300 2690 ·’
346 2659 924 2760 etiam'alteriforeperpendicularem.

400 2760 508 2834 Under
526 2767 588 2850 jam
607 2759 687 2832 hanc
704 2765 918 2857 parallelorum
934 2758 1069 2836 stabilire

347 2860 421 2932 licet
432 2863 676 2957 proprietatem
702 2887 798 2958 quarn
814 2864 999 2958 Tarquetus
1017 2863 1068 2956 in-

226 3045 228 3054 ¹
347 2980 397 3029 ter
413 2963 584 3032 Axiornata
610 2959 773 3032 recenset:
798 2961 939 3048 scilicet,
966 2962 1067 3052 Qrod

345 3061 501 3232 garelllela
517 3062 607 3163 lineae
623 3063 789 3162 conmuni
799 3071 1068 3162 utanturperpen-
1089 3131 1091 3136 .

367 3181 418 3233 rcu
431 3184 462 3231 ο.
578 3203 583 3224 t

910 3266 1067 3340 *SECUNv
