2322 3846
235 245 237 252 ¹
337 253 407 362 398
543 263 844 336 Eucnrots

330 431 387 505 pet
403 426 571 476 numerum
589 429 638 498 4,
662 401 743 476 nihil
762 403 846 474 aliud
864 404 1061 499 imperatum
1125 479 1130 492 ,

231 581 236 586 ᾗ
317 504 501 601 aliquam,
530 526 566 574 ut
576 528 725 574 numerus
744 511 768 572 6
788 505 883 574 toties
896 499 1058 594 sumatur,

273 653 276 660 .
332 602 387 676 seu'
403 625 559 700 repetatur
573 597 625 673 seu
643 601 700 673 stbi
721 599 778 700 ipsr
796 603 944 688 addatur,
970 607 1058 702 quo-

332 705 390 775 ties
408 705 510 774 unitas
536 705 717 772 continetur
740 704 774 770 in
792 717 836 795 4,
861 699 900 771 sc.
923 726 1057 793 quater:

329 797 473 900 adeoque
491 801 575 872 idem
602 799 735 880 facimus
760 797 821 888 five
839 826 1008 874 numerum
1032 811 1058 873 6

271 950 272 956 κ
332 902 580 997 multiplicemus
596 908 651 998 pet
666 925 711 994 4,
736 898 798 970 five
818 901 954 970 eundem
974 927 1057 1000 qua·

333 1001 1054 1096 tetponamus&illosquatuornumetos4in

332 1125 428 1172 unam
438 1097 591 1172 summam
602 1100 809 1197 colligamus,
834 1123 908 1170 cum
927 1101 1054 1172 utrobi·
1112 1119 1119 1127 ·

330 1225 395 1298 que
409 1199 591 1270 obtineatur
612 1223 668 1292 24.

382 1305 501 1370 Parsa.
544 1299 576 1370 Si
602 1320 751 1375 numerus
777 1319 824 1391 24
854 1319 1052 1394 proponatur

331 1396 517 1470 dividendus
534 1421 590 1492 per
610 1420 833 1490 numerum4,
858 1397 944 1468 idem
956 1395 1001 1469 est
1013 1423 1053 1470 ae

330 1493 353 1566 st
374 1497 614 1568 examinandum
635 1493 726 1567 effer.
752 1497 1049 1592 quotiesnuntetus

329 1621 379 1691 4a
391 1591 537 1690 a4poffit
547 1591 684 1666 subtrahi
704 1593 736 1665 id
752 1595 841 1690 quod
851 1596 884 1664 in
894 1593 1049 1670 divisione

327 1697 420 1766 unica
445 1690 651 1765 subdudiione
678 1689 716 1764 fit
740 1691 874 1765 divisore
892 1696 977 1788 prius
994 1720 1050 1792 pet

327 1795 528 1892 quotientem
546 1793 755 1888 multiplicato
773 1817 846 1864 tum
863 1789 1049 1868 subtractio..
1116 1793 1149 1888 s·

327 1919 384 1964 nes
405 1913 454 1964 tot
472 1887 539 1961 fieri
564 1889 697 1988 pollrnt,
723 1910 803 1989 quot
821 1894 955 1963 unitates
965 1893 1047 1967 divi·

326 1990 423 2064 lionis
438 1993 599 2062 contineat
617 1995 775 2088 quotient.
826 1995 936 2083 Quare
958 1995 1046 2068 nulla

327 2090 371 2162 est
381 2088 552 2161 differentia
569 2088 630 2160 stve
653 2114 700 2184 24
715 2088 870 2160 dividatur
886 2091 1046 2185 per4srve

329 2213 355 2284 4
372 2214 390 2259 a
410 2205 464 2282 24¹
479 2185 672 2260 subtrabatur
697 2191 825 2286 quoties
850 2184 920 2260 fieri
942 2192 1044 2286 potest

327 2313 400 2359 tum
434 2285 606 2386 utrobique
639 2288 722 2358 idem
756 2286 937 2360 obtineatur
961 2317 1044 2391 quo·

326 2391 408 2458 tiens
428 2395 461 2456 6.
809 2423 812 2429 ·

376 2484 566 2557 Notandum
591 2506 694 2557 autem
721 2489 754 2558 in
781 2487 1043 2584 multiplicatione

328 2609 394 2656 non
403 2583 523 2680 semper
533 2583 681 2681 opuselle
699 2607 735 2656 ut
754 2587 975 2683 multiplicatio
993 2617 1042 2663 te·

326 2681 487 2768 vetabat,
513 2689 546 2754 δι
565 2687 689 2754 numeri
709 2686 791 2755 inter
809 2684 838 2754 se
857 2685 1043 2763 commisce-

322 2803 441 2868 antut,
465 2803 519 2881 aut
533 2785 720 2880 produdum
738 2785 1041 2881 uniconutneroex-

323 2884 496 2980 primatur3
521 2907 594 2954 cum
616 2883 724 2954 eadem
741 2871 1042 2982 multiplicatio'alid

324 2983 421 3053 etiam
447 2975 550 3053 forma
571 2981 722 3081 defignari
740 2981 862 3082 poliat,
888 2989 1039 3062 nimitum

325 3081 582 3185 multiplicatores
597 3088 682 3178 juxta
698 3079 730 3188 ie
752 3086 890 3163 invicem
903 3082 1049 3187 scribeng

908 3261 912 3268 ι
996 3186 1036 3283 ‘¹0

756 3331 766 3360 t
