2300 3852
473 247 701 360 Explicatio
730 249 940 332 Notaturm

382 391 529 461 Similiter
544 397 575 461 in
603 393 858 479 Propoetionibus
883 391 1082 459 nuenbret:
1145 459 1146 466 ,

343 478 473 542 vandum
502 480 542 545 est
559 480 664 552 bene,
692 478 811 562 quando
840 496 896 540 una
914 479 1075 562 quantitas
1144 481 1146 570 l

342 560 506 626 collocatur
519 566 601 648 supra
617 561 726 626 aliam:
749 581 819 625 tunc
836 558 1072 625 inferioremle·
1145 635 1146 644 χ

340 645 469 726 gendam
483 645 539 712 el'se
554 665 610 730 pto
628 644 788 730 superiori,
808 639 878 707 tom
892 645 1069 728 supponan-

341 743 391 789 tur
406 728 483 794 inter
497 732 526 795 se
544 729 667 816 aquales
685 726 762 791 effe:
785 725 934 809 Exemplo
953 725 987 790 fit
1007 729 1070 790 de·
1145 773 1146 810 r

344 810 520 876 monstratio
547 811 764 892 Proposrrionis
792 830 821 875 2.
847 809 912 875 VI.
934 829 1001 894 quae
1021 805 1072 876 est'
1145 827 1146 876 l

344 911 411 980 pag.
429 909 500 968 462.
520 917 584 984 quae
598 895 636 960 fic
653 896 742 960 babet
751 937 762 968 ,

412 1058 596 1127 ntz-
633 1058 754 1136 Tra:
785 1055 1028 1138 nosne..
1143 1011 1146 1234 1

523 1163 715 1259 ‘siff'

346 1329 503 1418 dicendum
527 1353 568 1419 est
590 1351 789 1440 Triangulum
812 1350 840 1418 Z
863 1353 891 1416 se
915 1351 1004 1418 babet
1025 1353 1066 1420 ad
1109 1381 1112 1390 ·

346 1435 543 1522 Triangulum
571 1441 606 1503 X
632 1437 691 1502 hoc
719 1436 760 1500 est
788 1435 1060 1520 Trianguluer

345 1519 417 1586 ficut
430 1520 503 1587 baiis
516 1520 586 1590 ΑΕ,
597 1524 625 1587 se
640 1519 730 1586 babet
742 1518 779 1585 ad
792 1517 872 1602 basan
890 1519 965 1586 Ec,

561 1679 564 1686 .
678 1700 748 1782 15<
1029 1777 1146 1862 ‘⁴

383 1865 447 1932 Pro
461 1865 657 1932 citationibus
670 1867 882 1956 marginalibus
898 1865 1064 1934 notandum
1084 1893 1088 1903 ·

345 1952 476 2038 primum
492 1970 647 2014 numerum
665 1952 814 2016 minorem
825 1951 1062 2038 fignificarepro-

345 2033 522 2120 pofitionem
534 2077 546 2108 ,
573 2034 729 2100 secundum
754 2056 827 2100 vero
845 2036 991 2115 majorem
1010 2037 1063 2100 de·
1144 2077 1145 2108 2

346 2137 450 2182 notare
464 2117 594 2181 librum:
615 2137 649 2182 ur
668 2119 778 2192 4.·111.
796 2137 932 2205 quartam
951 2136 1063 2201 propo-
1144 2123 1145 2130 ’

346 2200 482 2264 brionam
497 2199 583 2264 Libri
601 2201 682 2269 tertii
697 2201 772 2271 dicit
789 2222 798 2267 a
821 2204 854 2268 δε
869 2200 907 2266 stc
925 2220 1015 2286 porro
1027 2202 1059 2267 in

343 2284 485 2350 omnibus
499 2284 575 2351 aliis.
